@article{vaswani2017attention,
  title   = {Attention is all you need},
  author  = {Vaswani, A},
  journal = {Advances in Neural Information Processing Systems},
  year    = {2017}
}

@article{bahdanau2014neural,
  title   = {Neural machine translation by jointly learning to align and translate},
  author  = {Bahdanau, Dzmitry},
  journal = {arXiv preprint arXiv:1409.0473},
  year    = {2014}
}
